@online{modelling_phy_sys_with_linear_de,
	title={Modelling Physical Systems with Linear Differential Equations},
	year={2015},
	url={https://www.engr.siu.edu/staff/spezia/Web438A/Lecture%20Notes/lesson8et438a.pdf}
}
@article{papadatos2016equations,
  title={The equations of planetary motion and their solution},
  author={Papadatos, Kyriacos},
  journal={The General Science Journal (nd)},
  year={2016}
}
@online{bayesian_model,
	title={Bayesian Model of Planetary Motion: exploring ideas for a modeling workflow when dealing with ordinary differential equations and multimodality},
    author={Margossian, Charles C and Gelman, Andrew},
	url={https://mc-stan.org/users/documentation/case-studies/planetary_motion/planetary_motion.html}
}
@book{hsu2018applied,
  title={Applied engineering analysis},
  author={Hsu, Tai-Ran},
  year={2018},
  publisher={John Wiley \& Sons}
}
@misc{howard2009modeling,
  title={Modeling with ODE},
  author={Howard, P},
  year={2009}
}
@misc{rosales2002conservation,
  title={Conservation Laws in Continuum Modeling.},
  author={Rosales, Rodolfo R},
  year={2002}
}
@article{chaachoua2006modelling,
  title={Modelling by differential equations},
  author={Chaachoua, Hamid and Saglam, Ayse},
  journal={Teaching Mathematics and Its Applications: International Journal of the IMA},
  volume={25},
  number={1},
  pages={15--22},
  year={2006},
  publisher={OUP}
}
